@incollection{yoshimotoNuclearReactorDynamics2023,
  title     = {Nuclear Reactor Dynamics and Thermal Hydraulics of Reactor Core and Fuel Assembly},
  booktitle = {Boiling {{Water Reactors}}},
  author    = {Yoshimoto, Yuichiro and Nishimura, Akira and Miyano, Hiroshi and Nishida, Koji and Wakasugi, Kazuhiko and Morooka, Shinichi and Yoshioka, Kenichi and Yabushita, Yukihisa and Yokobori, Seiichi},
  year      = {2023},
  pages     = {167--334},
  publisher = {Elsevier},
  doi       = {10.1016/B978-0-12-821361-2.00002-7},
  urldate   = {2024-11-01},
  copyright = {https://www.elsevier.com/tdm/userlicense/1.0/},
  isbn      = {978-0-12-821361-2},
  langid    = {english},
  file      = {/home/sphenhe/Zotero/storage/GIM5NZ4W/Yoshimoto et al. - 2023 - Nuclear reactor dynamics and thermal hydraulics of reactor core and fuel assembly.pdf}
}
