@misc{Field-electron-emission,
  title        = {Field electron emission},
  howpublished = {\url{https://en.wikipedia.org/wiki/Field_electron_emission}}
}