@misc{TNT-equivalent,
  title        = {TNT equivalent},
  howpublished = {\url{https://en.wikipedia.org/wiki/TNT_equivalent}}
}