
@article{conboyEvaluationHelicalCruciformFuel2014,
	title = {Evaluation of {Helical}-{Cruciform} {Fuel} {Rod} {Assemblies} for {High}-{Power}-{Density} {LWRs}},
	volume = {188},
	issn = {0029-5450, 1943-7471},
	doi = {10.13182/NT13-104},
	language = {en},
	number = {2},
	urldate = {2024-05-07},
	journal = {Nuclear Technology},
	author = {Conboy, T. M. and McKrell, T. J. and Kazimi, M. S.},
	month = nov,
	year = {2014},
	pages = {139--153},
	file = {Conboy 等 - 2014 - Evaluation of Helical-Cruciform Fuel Rod Assemblie.pdf:/home/sphenhe/Zotero/storage/MCL4PEP9/Conboy 等 - 2014 - Evaluation of Helical-Cruciform Fuel Rod Assemblie.pdf:application/pdf},
}

@article{shirvanThreeDimensionalConsiderations2014,
	title = {Three dimensional considerations in thermal-hydraulics of helical cruciform fuel rods for {LWR} power uprates},
	volume = {270},
	issn = {00295493},
	doi = {10.1016/j.nucengdes.2014.01.015},
	language = {en},
	urldate = {2024-05-07},
	journal = {Nuclear Engineering and Design},
	author = {Shirvan, Koroush and Kazimi, Mujid S.},
	month = apr,
	year = {2014},
	pages = {259--272},
	file = {Shirvan 和 Kazimi - 2014 - Three dimensional considerations in thermal-hydrau.pdf:/home/sphenhe/Zotero/storage/YX56BE3J/Shirvan 和 Kazimi - 2014 - Three dimensional considerations in thermal-hydrau.pdf:application/pdf},
}

@article{conboyThermalHydraulicAnalysisCrossShaped,
	title = {Thermal-hydraulic performance of cross-shaped spiral fuel in high-power-density bwrs},
	doi = {10.1115/ICONE14-89809},
	language = {en},
	author = {Conboy, T. and Hejzlar, Pavel},
	month = jan,
	year = {2006},
	file = {Conboy - Thermal-Hydraulic Analysis of Cross-Shaped Spiral .pdf:/home/sphenhe/Zotero/storage/D8K69NYU/Conboy - Thermal-Hydraulic Analysis of Cross-Shaped Spiral .pdf:application/pdf},
}

@article{ZhangTaoLuoXuanShiZiXingRanLiaoBangZhongZiWuLiJiReGongShuiLiXingNengFenXi2023,
	title = {螺旋十字型燃料棒中子物理及热工水力性能分析},
	volume = {44},
	issn = {0258-0926},
	doi = {10.13832/j.jnpe.2023.S1.0069},
	abstract = {为分析螺旋十字型燃料棒的中子物理及热工水力性能，使用基于计算机辅助设计（CAD）几何的反应堆蒙特卡罗程序RMC和商用计算流体力学（CFD）软件Fluent对螺旋十字型燃料棒进行数值模拟，并与传统圆柱型和无扭转十字型燃料棒进行对比。结果表明，螺旋十字型结构会略微降低反应性，增大径向功率峰因子；相较于圆柱型燃料棒，螺旋十字型燃料棒由于存在横向流动，能增强冷却剂交混，提升换热能力，在七棒束组件计算中，螺旋十字型燃料棒的平均温度和峰值温度都降低了约4 K。},
	language = {zh},
	number = {S1},
	journal = {核动力工程},
	author = {{张涛} and {韩文斌} and {申鹏飞} and {黄善仿} and {王侃}},
	year = {2023},
	note = {2 citations(CNKI)[6-26-2024]},
	keywords = {计算流体力学(CFD), 流动换热特性, 螺旋十字型燃料棒, 蒙特卡罗方法},
	pages = {69--74},
	file = {螺旋十字型燃料棒中子物理及热工水力性能分析.pdf:/home/sphenhe/Zotero/storage/KSMRV3KA/螺旋十字型燃料棒中子物理及热工水力性能分析.pdf:application/pdf},
}

@article{XiongMinZhiJiYuMengTeQiaLuoJunYunHuaDeYiXingJiHeRanLiaoBangWuLiXingNengYanJiu2023,
	title = {基于蒙特卡罗均匀化的异形几何燃料棒物理性能研究},
	volume = {14},
	issn = {2095-6223},
	abstract = {利用清华大学工程物理系自主开发的3维反应堆蒙特卡罗分析程序RMC-DAGMC模块直接通过CAD对螺旋十字型燃料棒建模并进行中子物理计算，同时，利用蒙特卡罗均匀化，即蒙特卡罗两步法进行组件-堆芯计算，验证了RMC-DAGMC临界计算功能和群常数功能的正确性。对不同螺距的螺旋十字型燃料棒物理性能进行了对比计算分析，结果表明：无扭转十字棒与传统圆棒的有效增殖系数k$_{\textrm{eff}}$有较大差异，螺距对螺旋十字棒k$_{\textrm{eff}}$影响较小。对复杂的异形几何堆芯进行了简要计算，计算方法和结果可为异形几何堆芯设计提供参考。},
	language = {zh},
	number = {4},
	journal = {现代应用物理},
	author = {{熊敏智} and {张大才} and {张夕蕊} and {余纲林} and {钟光辉} and {申鹏飞} and {王侃}},
	year = {2023},
	keywords = {均匀化, 两步法, 蒙特卡罗, 异形几何燃料棒},
	pages = {85--91},
	file = {基于蒙特卡罗均匀化的异形几何燃料棒物理性能研究_熊敏智.pdf:/home/sphenhe/Zotero/storage/WHAI38S7/基于蒙特卡罗均匀化的异形几何燃料棒物理性能研究_熊敏智.pdf:application/pdf},
}

@phdthesis{HuYongMingSanWeiZhongZiShuYunChengXuKaiFaYanJiuPdf2006,
	type = {博士毕业论文},
	title = {三维中子输运程序开发研究.pdf},
	abstract = {本文的目的是开发一套用于研究堆物理分析的三维离散纵标方法（SN）中子输运程序，该程序应具有在光厚介质区域快速收敛和减轻射线效应的特点。为实现在光厚介质区域的快速收敛，本文采用了完全多重网格扩散综合加速方法（FMDSA），该方法利用完全多重网格方法（FMG）求解扩散综合加速方法（DSA）中的低阶方程，数值实验的结果显示，FMDSA的迭代次数和所消耗的CPU时间是标准的SN方法的迭代解法——源迭代（SI）的十分之一；另外结果还表明对于中小规模的问题，FMDSA的性能与利用具有最优松弛因子的多向线松弛求解DSA的低阶方程的方法相当，后者是许多中子扩散方程使用的最好的算法之一，对于大规模的问题，FMDSA的性能更好。本文提出了一种小立方体单元（SCC）改进的穿透几率形式的首次碰撞源方法（TPFCS）以减弱SN方法的射线效应，该方法是对普通的首次碰撞源方法（FCS）的改进，后者只能很好的减弱远离孤立源位置的射线效应，而SCC改进的TPFCS方法能同时减弱所有位置的射线效应，这一点对于研究堆物理分析很重要。对一个无散射孤立源问题的数值实验表明，经SCC改进的TPFCS方法计算得到的数值解与用解析方法获得的解析解之间符合得很好。对本文所开发三维中子输运程序SN3C的最终验证是关于Takeda基准问题和Kobayashi基准问题的，校核计算的结果证明，SN3C所采用的数值方法和程序设计都是正确的，同时也表明SN3C能满足研究堆物理分析的要求。

The purpose of this paper is to develop a suite of three-dimension discrete ordinates (SN) method neutron transport codes for research reactor physics analysis, whose characteristic should be consist of fast convergence in optical thick domain and mitigation of ray effects.To implement the fast convergence in optical thick domain, the method adopted in our code is known as full multigrid diffusion synthetic acceleration (FMDSA), it use full multigrid (FMG) method as the solver of the low order equation of diffusion synthetic acceleration (DSA) method, the results of numerical experiments for FMDSA showed that the number of iteration for FMDSA and CPU time consumed were about ten percent of its for source iteration (SI) method, the standard iteration solver for SN method; these results also indicate that for small and medium scale problem, FMDSA has comparative performance as the low order equation in DSA solved by alterative direction line over-relaxation method with optimal relaxation factor, which was one of the best solver used by many neutron diffusion code, and for large scale problem, FMDSA has a better performance than the latter.This paper has introduced a small cube cell (SCC) modified transmission probability type first collision source (TPFCS) method to mitigate the ray effects of SN method; it was an improvement of ordinary first collision source (FCS) method, which can only mitigate the ray effects of the position far from the isolated source, the SCC modified TPFCS method can also trail of the position near from the source, this feature is important for research reactor physics analysis. The numerical test on a no scattering isolated source problem showed a good agreement between analytical solution and numerical solution acquired from SCC modified TPFCS method.The final validations of the code developed by this paper, SN3C, were on Takeda and Kobayashi benchmark problems, the results of the validation calculations demonstrate the correctness of the numerical algorithm and programming of SN3C, and SN3C can fulfils the need of research reactor physics analysis.},
	language = {zh},
	school = {清华大学},
	author = {{胡永明}},
	year = {2006},
	file = {三维中子输运程序开发研究.pdf:/home/sphenhe/Zotero/storage/8MIUE9RI/三维中子输运程序开发研究.pdf:application/pdf},
}

@phdthesis{muratResearchAP1000Fuel2021,
	type = {Master of {Engineering}},
	title = {Research on {AP1000} {Fuel} {Cycle} {Optimization} {Management}.pdf},
	abstract = {优化核反应堆发电厂的燃料装填技术，确定哪种策略在经济上和操作上最有利，一直是核工程的一个关键方面。本文旨在通过Serpent程序比较不同的反应堆燃料装载策略的优缺点，研究优化方法。本研究中选择西屋公司设计的AP1000反应堆作为参考设计。对于AP1000反应堆的第一个燃料循环，我们通过比较标准燃料装载模式和一个测试燃料装载模式的组件布局，并通过在Serpent程序中为这两种模式创建两种不同的输入卡进行分析。对于两种装载模式，我们收集了700天满负荷运行的燃耗、有效增殖系数和无限增殖系数。利用这些增殖系数值计算出泄漏反应性数值，得到了哪种装载策略在泄漏方面具有优势。此外，为了使分析更加真实和全面，还对与反应堆特性相关的关键参数进行了确定和讨论。通过进一步的研究，可以进一步扩大本研究的范围。最后，通过使用耦合程序同时分析热工水力结构因素和粒子跟踪输运模拟，可以获得更真实的结果。本论文的目的是了解如何使用运输代码进行这些基准测试，并确定在遇到燃油管理优化问题时哪些参数最重要。

Optimizing fuel loading techniques in nuclear reactor power plants and determining which strategies are the most economically and operationally advantageous has always been a critical aspect of nuclear engineering. This thesis aims to compare the advantages and disadvantages of different reactor fuel loading strategies through the Serpent program and investigate optimization methods. In this study, the AP1000 reactor designed by Westinghouse was chosen as the reference design. For the first fuel cycle of the AP1000 reactor, it was decided to compare the checkerboard, which is the fuel loading strategy, with a test fuel loading strategy, and analysis was started by creating two different input cards in the Serpent program for both of these strategies. For both fuel loading patterns, the burnup, implicit multiplication factor, and infinite multiplication factor were collected for 700 days of operation with full power. By using these multiplication factor values, leakage reactivity values were calculated, and it was revealed which reactor strategy is advantageous in terms of leakage. Besides, to make this analysis more realistic and comprehensive, the critical parameters related to the reactor characteristics were determined and discussed. The scope of this study can be extended further by undertaking a more complex analysis covering different aspects. Finally, more realistic results can be achieved by using coupled programs that concurrently analyze thermal-hydraulic architecture factors and particle tracking transport simulations. This thesis project aimed to understand how these benchmark tests can be conducted using transport codes and determine which parameters are most crucial when confronted with fuel management optimization problems.},
	language = {en},
	school = {Tsinghua University},
	author = {Murat, Şendur},
	year = {2021},
	file = {Research on AP1000 Fuel Cycle Optimization Management.pdf:/home/sphenhe/Zotero/storage/VA3EQJSU/Research on AP1000 Fuel Cycle Optimization Management.pdf:application/pdf},
}

@article{HanXiangZhenDiSanDaiFanYingDuiAP1000HeEPRDeDuiXinHeSheJi2013,
	title = {{第三代反应堆AP1000和EPR的堆芯核设计}},
	abstract = {AP1000和EPR这两种三代堆型的堆芯核设计具有较大差异.AP1000堆芯装载157盒燃料组件,EPR堆芯装载241盒燃料组件.和AP1000相比,EPR堆芯组件数较多,功率大,堆芯等效直径较大.在组件设计上,EPR使用的燃料组件技术较为成熟,AP1000采用的燃料组件增设了中间搅混格架,但应用经验较少.堆芯换料方案都为长周期换料,EPR为高泄漏换料方案,中子泄漏较多,但堆芯功率容易展平.AP1000的长周期换料方案更为灵活,为低泄漏方案,提高了中子利用率,为了展平功率,提出了较多新型设计理念,使燃料组件种类增加,堆芯装载更为复杂.},
	language = {chi},
	number = {3 \%V},
	journal = {China Science and Technology Information},
	author = {{韩向臻} and {攸国顺} and {孙微}},
	year = {2013},
	note = {ISBN: 1001-8972
Type: 10.3969/j.issn.1001-8972.2013.03.012},
	keywords = {堆芯核设计; 燃料组件; 燃料管理},
	pages = {50,53},
	file = {第三代反应堆AP1000和EPR的堆芯核设计.pdf:/home/sphenhe/Zotero/storage/SI3CXSQB/第三代反应堆AP1000和EPR的堆芯核设计.pdf:application/pdf},
}

@article{JiSongTaoXiaoXingFanYingDuiHuanXingRanLiaoZuJianSheJiJiYingYongYanJiu2023,
	title = {小型反应堆环形燃料组件设计及应用研究},
	volume = {57},
	issn = {1000-6931},
	abstract = {小型反应堆通常具有模块化、建造周期短以及部署灵活的特点，可作为清洁的分布式能源，在供电的同时还能够实现海水淡化、区域供暖、工业供热等多种用途。环形燃料具有内外双层包壳，其双面冷却的结构形式可以显著改善燃料传热条件，有助于减小堆芯体积、提升反应堆的安全性和经济性。环形燃料应用于小堆可以充分发挥其优势，符合我国核能发展战略。本文通过一系列的比对分析确定了适用于小堆的环形燃料组件设计方案，并根据力学性能分析结果初步实现了组件结构设计；通过对两种不同类型的小型反应堆堆芯的物理、热工、安全等分析，论证了环形燃料应用于小堆的可行性。研究结果表明，环形燃料在小型反应堆中具有良好的应用前景。},
	language = {zh},
	number = {6},
	journal = {原子能科学技术},
	author = {{季松涛} and {何晓军} and {邹远方} and {潘翠杰} and {史晓磊} and {刁均辉} and {胡立强} and {史宝磊} and {韩智杰}},
	year = {2023},
	keywords = {热工水力, 堆芯物理, 安全分析, 小堆, 环形燃料},
	pages = {1057--1065},
	file = {小型反应堆环形燃料组件设计及应用研究_季松涛:/home/sphenhe/Zotero/storage/5RPWI9A6/小型反应堆环形燃料组件设计及应用研究_季松涛.pdf:application/pdf},
}

@article{LiuGuoMingHPR1000DuiXinZhuangZai50MOXZuJianDeRanLiaoGuanLiFangAn2017,
	title = {{HPR1000堆芯装载50}\%{MOX组件的燃料管理方案}},
	volume = {29},
	abstract = {针对HPR1000压水堆堆芯,开展了应用MOX(混合氧化物燃料)组件的燃料管理方案初步研究.对MOX燃料组件进行设计,研究了MOX燃料成分及燃料棒在组件内的布置.在此基础上,开展了1/4堆芯年换料、18个月长周期换料,并装载50\%MOX组件这两种燃料管理方案研究.通过与UO2堆芯的对比,分析了装载50\%MOX组件堆芯的核特性.分析结果表明,两种50\%堆芯装载MOX组件的燃料管理方案,其堆芯主要物理参数均满足核设计准则要求.},
	language = {chi},
	number = {3},
	journal = {High Power Laser and Particle Beams},
	author = {{刘国明} and {郭治鹏}},
	year = {2017},
	note = {ISBN: 1001-4322
Type: 10.11884/HPLPB201729.160376
Liu Guoming
Guo Zhipeng},
	keywords = {HPR1000堆芯; MOX组件; 燃料管理},
	pages = {49--55},
	file = {HPR1000堆芯装载50_MOX组件的燃料管理方案:/home/sphenhe/Zotero/storage/HIXRVI3B/HPR1000堆芯装载50_MOX组件的燃料管理方案.pdf:application/pdf},
}

@article{WangZhiPengJiYuKaiFangZhaGeJieGouDeKongJianDuiSanWeiReGongShuiLiTeXingYanJiu2023,
	title = {基于开放栅格结构的空间堆三维热工水力特性研究},
	volume = {44},
	issn = {0258-0926},
	doi = {10.13832/j.jnpe.2023.02.0054},
	abstract = {高温气冷堆结合磁流体发电是一种高效的空间电源系统，可以满足空间任务对于大功率、高效率的需求，具有广阔的应用前景。本文参考美国普罗米修斯计划中的开放栅格方案，结合磁流体发电需满足的设计条件，提出了一种由三角形布置、217根燃料棒构成的堆芯方案。在通过试验数据确定流动模型后，对该空间堆进行了三维建模，并在考虑气隙结构、燃料棒功率分布及堆内辐射的基础上研究其热工水力特性，重点针对环境温度及外壁面发射率展开了热工参数敏感性分析。计算结果表明，该堆芯热工设计满足材料温度、压降限值等指标要求。冷却剂在燃料区横向流动不明显，不存在复杂涡结构，流动现象相对较为简单。稳态热工计算结果对环境温度的改变并不敏感，但发射率的改变影响相对较大。},
	language = {zh},
	number = {2},
	journal = {核动力工程},
	author = {{王志鹏} and {赵晶} and {石磊}},
	year = {2023},
	note = {CNKIcitations:1},
	keywords = {敏感性分析, 棒状燃料, 热工水力特性, 空间核动力},
	pages = {54--61},
	file = {基于开放栅格结构的空间堆三维热工水力特性研究_王志鹏:/home/sphenhe/Zotero/storage/5JMSWQBZ/基于开放栅格结构的空间堆三维热工水力特性研究_王志鹏.pdf:application/pdf},
}

@article{bathejaDesignTestingReactorInternal1987,
	title = {Design and {Testing} of the {Reactor}-{Internal} {Hydraulic} {Control} {Rod} {Drive} for the {Nuclear} {Heating} {Plant}},
	volume = {79},
	issn = {0029-5450, 1943-7471},
	doi = {10.13182/NT87-A34036},
	language = {en},
	number = {2},
	urldate = {2024-10-30},
	journal = {Nuclear Technology},
	author = {Batheja, Pramod and Meier, Werner Jakob and Rau, Peter Josef},
	month = nov,
	year = {1987},
	pages = {186--195},
	file = {PDF:/home/sphenhe/Zotero/storage/JQI2BTBG/Batheja et al. - 1987 - Design and Testing of the Reactor-Internal Hydraulic Control Rod Drive for the Nuclear Heating Plant.pdf:application/pdf},
}

@article{cunninghamDevelopmentCompositeControl1958,
	title = {Development of a {Composite} {Control} {Rod}},
	volume = {4},
	issn = {0029-5639, 1943-748X},
	doi = {10.13182/NSE58-A25541},
	language = {en},
	number = {3},
	urldate = {2024-10-30},
	journal = {Nuclear Science and Engineering},
	author = {Cunningham, G. W. and Foulds, A. K. and Keller, D. L. and Ray, W. E.},
	month = sep,
	year = {1958},
	pages = {449--457},
	file = {PDF:/home/sphenhe/Zotero/storage/DMFBJ8WY/Cunningham et al. - 1958 - Development of a Composite Control Rod.pdf:application/pdf},
}

@article{kellerDevelopmentHafniumComparison1982,
	title = {Development of {Hafnium} and {Comparison} with {Other} {Pressurized} {Water} {Reactor} {Control} {Rod} {Materials}},
	volume = {59},
	issn = {0029-5450, 1943-7471},
	doi = {10.13182/NT82-A33005},
	language = {en},
	number = {3},
	urldate = {2024-10-30},
	journal = {Nuclear Technology},
	author = {Keller, Herbert W. and Shallenberger, John M. and Hollein, David A. and Hott, A. Carl},
	month = dec,
	year = {1982},
	pages = {476--482},
	file = {PDF:/home/sphenhe/Zotero/storage/JLX4LEE7/Keller et al. - 1982 - Development of Hafnium and Comparison with Other Pressurized Water Reactor Control Rod Materials.pdf:application/pdf},
}

@article{ChenHaoHeJiAgInCdHeJinBangCaiLiaoYanJiuJinZhan2019,
	title = {{核级Ag}-{In}-{Cd合金棒材料研究进展}},
	volume = {40},
	issn = {1000-8365},
	doi = {10.16410/j.issn1000-8365.2019.09.035},
	abstract = {核反应堆用控制棒材料是核电站堆芯部件控制组件的关键功能性材料,具有吸收中子截面积大的特点。控制棒材料通过吸收热中子,改变堆芯中子数量来实现对核裂变链式反应的控制。铪、银、镉及硼元素由于具有优良的中子吸收截面积均用来制备控制棒材料,成品有铪棒、银铟镉控制棒及BN棒等。核级Ag-In-Cd控制棒由于价格低廉、易于加工等特点被广泛应用于压水堆作中子吸收体材料。综述了核级银铟镉控制棒的物理化学性能、机械性能、蠕变性能及在核反应堆中的反应机理、失效机理。},
	language = {zh},
	number = {9},
	journal = {铸造技术},
	author = {{陈昊} and {赵涛} and {邢健} and {孙海霞}},
	year = {2019},
	note = {CNKIcitations:6},
	keywords = {控制棒, 核反应堆, 银铟镉},
	pages = {1018--1021},
	file = {核级Ag-In-Cd合金棒材料研究进展:/home/sphenhe/Zotero/storage/9ZRZR3QL/核级Ag-In-Cd合金棒材料研究进展.pdf:application/pdf},
}

@article{BoHanLiangHeFanYingDuiKongZhiBangShuiYaQuDongJiShu2005,
	title = {核反应堆控制棒水压驱动技术},
	issn = {1000-0054},
	doi = {10.16511/j.cnki.qhdxxb.2005.03.035},
	abstract = {介绍了控制棒水压驱动系统的技术方案、工作原理、技术效果和安全特性。在对清华大学发明的水力驱动控制棒系统深入研究的基础上,结合商用压水堆磁力提升器的优点,开发一种新型内置式控制棒驱动技术。该驱动技术解决了磁力提升器把驱动机构置于核反应堆压力壳外的缺点,但保留了抓式机构驱动的优点;解决了水力驱动控制棒系统动压驱动因工况变化而引起的驱动特性的复杂性的缺点,继承了内置式控制棒驱动机构不贯穿压力壳、传动线短、避免了弹棒事故等优点。该驱动技术主要应用于一体化布置核反应堆,可以推广到其他研究堆。},
	language = {zh},
	number = {3},
	journal = {清华大学学报(自然科学版)},
	author = {{薄涵亮} and {郑文祥} and {王大中} and {姜胜耀} and {杨巾农}},
	year = {2005},
	note = {CNKIcitations:48},
	keywords = {内置式, 控制棒, 水压驱动, 驱动机构},
	pages = {424--427},
	file = {核反应堆控制棒水压驱动技术:/home/sphenhe/Zotero/storage/C64X4MEU/核反应堆控制棒水压驱动技术.pdf:application/pdf},
}
