# 在此直接复制GB/T 7714－2015 bib条目，第一行内容为在正文引用\cite{}的关键词
# 推荐使用百度学术生成GB/T 7714－2015 bib条目

@book{食用马尔可夫,
  title={实用马尔可夫决策过程 Applied Markov Decision Processes},
  author={刘克},
  publisher={清华大学出版社},
  year={2004},
}

@book{应用随机过程,
  title={Modeling Analysis Design and Control of Stochastic Systems},
  author={V.G. Kulkarni},
  publisher={Springer},
  year={1999},
}

@misc{WikiMDP,
  title = {Markov decision process},
  howpublished = {https://en.wikipedia.org/wiki/Markov\_decision\_process}
}

@unpublished{Sample,
  author = {???},
  title = {基于马尔可夫分析的清华园沙冰最优配送问题},
  note = {课程参考论文},
}