# 在此直接复制GB/T 7714－2015 bib条目，第一行内容为在正文引用\cite{}的关键词
# 推荐使用百度学术生成GB/T 7714－2015 bib条目

@misc{WikiRW,
  title = {Random walk},
  howpublished = {https://en.wikipedia.org/wiki/Random\_walk}
}

@misc{RW1D,
  title = {Random Walk 1 Dimensional},
  howpublished = {http://mathworld.wolfram.com/RandomWalk1-Dimensional.html}
}

@misc{RW2D,
  title = {Random Walk 2 Dimensional},
  howpublished = {http://mathworld.wolfram.com/RandomWalk2-Dimensional.html}
}
