# 在此直接复制GB/T 7714－2015 bib条目，第一行内容为在正文引用\cite{}的关键词
# 推荐使用百度学术生成GB/T 7714－2015 bib条目

@proceedings{RangeFindersByGleaves1892,
  author        = {Lieutenant Albert Gleaves},
  title         = {The Influence of Range-Finders Upon Modern Ordnance. Gunnery, and War-Ship Construction},
  year          = {1892},
  month         = {April},
  publisher     = {PROCEEDINGS of the UNITED STATES NAVAL INSTITUTE},
  volume        = {XVIII},
}

@misc{W-Bandermann,
  title         = {Bandermann, W | Science Museum Group Collection},
  howpublished  = {\url{https://collection.sciencemuseumgroup.org.uk/people/cp104866/w-bandermann}},
}

@misc{Clinometer,
  title         = {Clinometer, German, 1850-1900 | Science Museum Group Collection},
  howpublished  = {\url{https://collection.sciencemuseumgroup.org.uk/objects/co52895/clinometer-german-1850-1900-clinometer}},
}

@misc{Artillery-clinometer,
  title         = {Artillery clinometer | Imperial War Museums},
  howpublished  = {\url{https://www.iwm.org.uk/collections/item/object/30025312}},
}

@misc{laoxiangji,
  title         = {German Artillery Gun Range Finder by Bandermann, c. 1850 | 老相机科技古董收藏网},
  howpublished  = {\url{https://laoxiangji.com/product-view-id-50652.html}},
}

@misc{馆藏目录,
  author        = {王哲然},
  howpublished  = {\url{https://wzr.notion.site/210901001-797ab8-a25f514a67bb1b6914d941ce89}},
  title         = {西方科学仪器馆藏目录（2403教学版）},
}

@article{stanley1994quadrant,
  title={Quadrant constructions and applications in Western Europe during the early Renaissance},
  author={Stanley, R Darren},
  year={1994},
  publisher={Simon Fraser University},
}

@article{doi:10.1080/00033799100200321,
  author = {Stephen Johnston},
  title = {Mathematical practitioners and instruments in Elizabethan England},
  journal = {Annals of Science},
  volume = {48},
  number = {4},
  pages = {319--344},
  year = {1991},
  publisher = {Taylor \& Francis},
  doi = {10.1080/00033799100200321},
  URL = {\url{https://doi.org/10.1080/00033799100200321}},
  eprint = {\url{https://doi.org/10.1080/00033799100200321}}
}

@misc{Vernier-scale,
  author       = {wikipedia},
  howpublished = {\url{https://en.wikipedia.org/wiki/Vernier_scale}},
  title        = {Vernier scale}
}

@misc{bubble-level,
  author       = {wikipedia},
  howpublished = {\url{https://en.wikipedia.org/wiki/Spirit_level}},
  title        = {Spirit level}
}


@article{Society1983,
author={Society, Scientific Instrument},
title={Bulletin of the Scientific Instrument Society},
year={1983},
publisher={The Society},
issn={0956-8271},
language={English}
}

