# 在此直接复制GB/T 7714－2015 bib条目，第一行内容为在正文引用\cite{}的关键词
# 推荐使用百度学术生成GB/T 7714－2015 bib条目

@misc{4'33'',
  title = {4'33''},
  howpublished = {\url{https://en.wikipedia.org/wiki/4'33''}}
}

@misc{Gesang,
  title = {Gesang der Jünglinge},
  howpublished = {\url{https://en.wikipedia.org/wiki/Gesang_der_JüBCnglinge}}
}